% This file was created with JabRef 2.3.1.
% Encoding: UTF-8

@MISC{oshp,
	title = {{OpenSlides.org Homepage}},
	note = {Abgerufen: 24-08-2018},
	url = {https://openslides.org/}
}

@MISC{inte,
	title = {{Intevation GmbH Homepage}},
	note = {Abgerufen: 24-08-2018},
	url = {http://intevation.de/}
}

@MISC{gpg4win,
	title = {{Gpg4win Homepage}},
	note = {Abgerufen: 24-08-2018},
	url = {https://www.gpg4win.de/}
}

@MISC{djangohp,
	title = {{Django Homepage}},
	note = {Abgerufen: 24-08-2018},
	url = {https://www.djangoproject.com/}
}

@MISC{oscom,
	title = {{OpenSlides.com Homepage}},
	note = {Abgerufen: 24-08-2018},
	url = {https://openslides.com/}
}

@MISC{oci,
	title = {{Open Container Initiative}},
	note = {Abgerufen: 24-08-2018},
	url = {https://www.opencontainers.org/}
}

@ARTICLE{containerhist,
	title= {{A Brief History of Containers: From 1970s chroot to Docker 2016}},
	publisher = {Aqua},
	year = {2016},
	note = {Abgerufen: 24-08-2018},
	author = {Rani Osnat},
	address = {Burlington, Massachusetts, USA},
	url = 
	{https://blog.aquasec.com/a-brief-history-of-containers-from-1970s-chroot-to-docker-2016}
}

@MISC{rkthp,
	title = {{CoreOS rkt Homepage}},
	note = {Abgerufen: 24-08-2018},
	url = {https://coreos.com/rkt/}
}

@MISC{railcarhp,
	title = {{RailCar GitHub Homepage}},
	note = {Abgerufen: 24-08-2018},
	url = {https://github.com/oracle/railcar}
}

@MISC{railcarhp,
	title = {{RailCar GitHub Homepage}},
	note = {Abgerufen: 24-08-2018},
	url = {https://github.com/oracle/railcar}
}

@MISC{dockerhp,
	title = {{Docker Homepage}},
	note = {Abgerufen: 24-08-2018},
	url = {https://www.docker.com/}
}

@ARTICLE{dockerdl,
	title= {{Docker's Tools of Mass Innovation: Explosive Growth From Open-Source Containers to Commercial Platform for Modernizing and Managing Apps}},
	publisher = {hostingadvice},
	year = {2017},
	note = {Abgerufen: 24-08-2018},
	author = {Laura Bernheim},
	address = {Gainesville, Florida, USA},
	url = {http://www.hostingadvice.com/blog/dockers-explosive-growth-from-open-source-containers-to-commercial-platform/}
}

@MISC{osmib,
	title = {{OpenSlides Multiinstance Backend GitHub Page}},
	note = {Abgerufen: 24-08-2018},
	url = {https://github.com/OpenSlides/openslides-multiinstance-backend}
}

@MISC{osgh,
	title = {{OpenSlides Github Page}},
	note = {Abgerufen: 24-08-2018},
	url = {https://github.com/OpenSlides/OpenSlides}
}

@MISC{dockSwarm,
	title = {{Docker Swarm Homepage}},
	note = {Abgerufen: 24-08-2018},
	url = {https://docs.docker.com/engine/swarm/}
}

@MISC{kubernetes,
	title = {{Kubernetes Homepage}},
	note = {Abgerufen: 24-08-2018},
	url = {https://kubernetes.io/}
}

@MISC{puppet,
	title = {{Puppet Homepage}},
	note = {Abgerufen: 24-08-2018},
	url = {https://puppet.com/}
}

@MISC{ansible,
	title = {{Ansible Homepage}},
	note = {Abgerufen: 24-08-2018},
	url = {https://ansible.com/}
}

@MISC{osdr,
	title = {{OpenSlides Docker Registry von emanuels}},
	note = {Abgerufen: 24-08-2018},
	url = {https://hub.docker.com/r/emanuels/openslides/builds/}
}

@ARTICLE{rktvsdocker,
	title= {{Docker vs CoreOS Rkt}},
	publisher = {upguard},
	year = {2017},
	note = {Abgerufen: 24-08-2018},
	author = {Upguard},
	address = {Mountain View, Kalifornien , USA},
	url = {https://www.upguard.com/articles/docker-vs-coreos}
}

@MISC{rktvsdocker,
	title = {{rkt vs other projects}},
	note = {Abgerufen: 24-08-2018},
	url = {https://coreos.com/rkt/docs/latest/rkt-vs-other-projects.html}
}

@ARTICLE{railcarvsdocker,
	title= {{Oracle Releases an OCI-Based Container Runtime}},
	publisher = {TheNewStack},
	year = {2017},
	note = {Abgerufen: 24-08-2018},
	author = {Alex Handy},
	url = {https://thenewstack.io/oracle-opens-oci-container-runtime/}
}

@MISC{cloudfoundry,
	title = {{Cloud Foundry Website}},
	note = {Abgerufen: 24-08-2018},
	url = {https://www.cloudfoundry.org/}
}

@MISC{ocimembers,
	title = {{OCI Member Page}},
	note = {Abgerufen: 24-08-2018},
	url = {https://www.opencontainers.org/about/member}
}

@MISC{nginx,
	title = {{ngix Website}},
	note = {Abgerufen: 24-08-2018},
	url = {https://nginx.org/}
}

@MISC{daphne,
	title = {{Daphne GitHub Repository}},
	note = {Abgerufen: 24-08-2018},
	url = {https://github.com/django/daphne/}
}

@MISC{redis,
	title = {{Redis Website}},
	note = {Abgerufen: 24-08-2018},
	url = {https://redis.io/}
}

@MISC{postgres,
	title = {{Postgres Website}},
	note = {Abgerufen: 24-08-2018},
	url = {https://www.postgresql.org/}
}

@MISC{persBezDat,
	title = {{Was sind personenbezogene Daten?}},
	note = {Abgerufen: 24-08-2018},
	url = {https://www.datenschutz.org/personenbezogene-daten}
}

@MISC{osvc,
	title = {{OpenSlides Votecollector Plugin}},
	note = {Abgerufen: 25-08-2018},
	url = {https://github.com/OpenSlides/openslides-votecollector}
}

@MISC{osdockcont,
	title = {{OpenSlides-Docker GitHub Website}},
	note = {Abgerufen: 26-08-2018},
	url = {https://github.com/OpenSlides/openslides-docker}
}

@MISC{osman,
	title = {{OpenSlides Multiinstance Manager GitHub Website}},
	note = {Abgerufen: 26-08-2018},
	url = {https://github.com/jsaalfeld/openslides-manager}
}

@MISC{pgoffdock,
	title = {{Official Postgres Docker Image Github Website}},
	note= {Abgerufen: 26-08-2018},
	url = {https://github.com/docker-library/docs/tree/master/postgres/}
}

@MISC{pgdock,
	title = {{samersbn Postgres Docker Image Github Website}},
	note = {Abgerufen: 26-08-2018},
	url = {https://github.com/sameersbn/docker-postgresql}
}

@MISC{reddock,
	title = {{Official Redis Docker Image GitHub Website}},
	note = {Abgerufen: 26-08-2018},
	url = {https://github.com/docker-library/redis}
}

@MISC{nginxjwilderdock,
	title = {{jwilder nginx-proxy Image GitHub Website}},
	note = {Abgerufen: 26-08-2018},
	url= {https://github.com/jwilder/nginx-proxy/}
}

@MISC{lejrcsdock,
	title = {{JrCs letsencrypt-nginx-proxy-companion Image GitHub Website}},
	note = {Abgerufen: 26-08-2018},
	url = {https://github.com/JrCs/docker-letsencrypt-nginx-proxy-companion}
}

@MISC{letsencrypt,
	title = {{Let's Encrypt Website}},
	note = {Abgerufen: 26-08-2018},
	url = {https://letsencrypt.org/}
}

@MISC{postfixdock,
	title = {{catatnight postfix docker Image GitHub Website}},
	note = {Abgerufen: 26-08-2018},
	url = {https://github.com/catatnight/docker-postfix}
}

@MISC{nginxdock,
	title = {{Official nginx Docker Image GitHub Website}},
	note = {Abgerufen: 30-08-2018},
	url = {https://github.com/nginxinc/docker-nginx}
}

@MISC{osdemo,
	title = {{OpenSlides Demo Instance}},
	note = {Abgerufen: 30-08-2018},
	url = {https://demo.openslides.org/}
}

@MISC{angularhp,
	title = {{AngularJS Homepage}},
	note {Abgerufen: 30-08-2018},
	url = {http://angular.io/}
}

@MISC{postfixhp,
	title = {{Postfix Homepage}},
	note = {Abgerufen: 30-08-2018},
	url = {http://www.postfix.org/}
}

@MISC{dbgbuko,
	title = {{DGB Bundeskongress 21 - Website}},
	note = {Abgerufen: 30-08-2018},
	url = {http://www.dgb.de/themen/++co++7eedf93e-6327-11e8-b4b8-52540088cada}
}

@MISC{dgbjuko,
	title = {{DGB Jugenkongress - Website}},
	note = {Abgerufen: 30-08-2018},
	url = {http://jugend.dgb.de/dgb_jugend/ueber-uns/wer-wir-sind/bundesjugendkonferenz/bjk-2017}
}

@comment{jabref-meta: selector_publisher:}

@comment{jabref-meta: selector_author:}

@comment{jabref-meta: selector_journal:}

@comment{jabref-meta: selector_keywords:}


